<record><leader>00000cas a22000007a 4500</leader><controlfield tag="001">14998943</controlfield><controlfield tag="008">861222d18741878moudn ne      0    0eng d</controlfield><datafield ind1=" " ind2=" " tag="010"><subfield code="a">sn 86054048 </subfield></datafield><datafield ind1=" " ind2=" " tag="040"><subfield code="a">NPX</subfield><subfield code="b">eng</subfield><subfield code="c">NPX</subfield><subfield code="d">MQN</subfield><subfield code="d">OCLCQ</subfield></datafield><datafield ind1=" " ind2=" " tag="042"><subfield code="a">msc</subfield></datafield><datafield ind1="0" ind2=" " tag="130"><subfield code="a">Hannibal clipper (Hannibal, Mo. : Daily)</subfield></datafield><datafield ind1="1" ind2="4" tag="245"><subfield code="a">The Hannibal clipper.</subfield></datafield><datafield ind1="1" ind2="3" tag="246"><subfield code="a">Daily clipper</subfield></datafield><datafield ind1="1" ind2="7" tag="246"><subfield code="a">Hannibal daily clipper</subfield></datafield><datafield ind1=" " ind2=" " tag="260"><subfield code="a">Hannibal, Mo. :</subfield><subfield code="b">S.D. Rich,</subfield><subfield code="c">1874-</subfield></datafield><datafield ind1=" " ind2=" " tag="300"><subfield code="a">v.</subfield></datafield><datafield ind1=" " ind2=" " tag="310"><subfield code="a">Daily (except Sun.)</subfield></datafield><datafield ind1="0" ind2=" " tag="362"><subfield code="a">Vol. 2, no. 1 (Sept. 28, 1874)-</subfield></datafield><datafield ind1="1" ind2=" " tag="362"><subfield code="a">Ceased in 1878?</subfield></datafield><datafield ind1=" " ind2=" " tag="752"><subfield code="a">United States</subfield><subfield code="b">Missouri</subfield><subfield code="c">Marion</subfield><subfield code="d">Hannibal.</subfield></datafield><datafield ind1="0" ind2=" " tag="775"><subfield code="t">Hannibal clipper (Hannibal, Mo. : Weekly)</subfield><subfield code="w">(DLC)sn 86054047</subfield></datafield><datafield ind1="0" ind2="7" tag="785"><subfield code="t">Hannibal herald</subfield><subfield code="w">(DLC)sn 89067502</subfield></datafield><datafield ind1="0" ind2="7" tag="785"><subfield code="t">Daily clipper herald</subfield><subfield code="w">(DLC)sn 89067503</subfield></datafield></record>